% 22786464 
@Article{pmid22786464,
   Author="Manchikanti, L.  and Helm, S.  and Fellows, B.  and Janata, J. W.  and Pampati, V.  and Grider, J. S.  and Boswell, M. V. ",
   Title="{{O}pioid epidemic in the {U}nited {S}tates}",
   Journal="Pain Physician",
   Year="2012",
   Volume="15",
   Number="3 Suppl",
   Pages="9--38",
   Month="Jul"
}



% 23371480 
@Article{pmid23371480,
   Author="Krashin, D.  and Sullivan, M.  and Ballantyne, J. ",
   Title="{{W}hat are we treating with chronic opioid therapy?}",
   Journal="Curr Rheumatol Rep",
   Year="2013",
   Volume="15",
   Number="3",
   Pages="311",
   Month="Mar"
}

% 23363517 
@Article{pmid23363517,
   Author="Ballantyne, J. C.  and Sullivan, M. D. ",
   Title="{{W}hy doctors prescribe opioids to known opioid abusers}",
   Journal="N. Engl. J. Med.",
   Year="2013",
   Volume="368",
   Number="5",
   Pages="484--485",
   Month="Jan"
}

% 22843539 
@Article{pmid22843539,
   Author="Krashin, D.  and Murinova, N.  and Ballantyne, J. ",
   Title="{{M}anagement of pain with comorbid substance abuse}",
   Journal="Curr Psychiatry Rep",
   Year="2012",
   Volume="14",
   Number="5",
   Pages="462--468",
   Month="Oct"
}


% 22048093 
@Article{pmid22048093,
   Author="Zywiel, M. G.  and Stroh, D. A.  and Lee, S. Y.  and Bonutti, P. M.  and Mont, M. A. ",
   Title="{{C}hronic opioid use prior to total knee arthroplasty}",
   Journal="J Bone Joint Surg Am",
   Year="2011",
   Volume="93",
   Number="21",
   Pages="1988--1993",
   Month="Nov"
}



% 22048108 
@Article{pmid22048108,
   Author="Parker Vail, T. ",
   Title="{{P}reoperative pain management decisions impact outcome after total knee arthroplasty-implications for opiate use: commentary on an article by {M}ichael {G}. {Z}ywiel, {M}{D}, et al.: "{C}hronic opioid use prior to total knee arthroplasty"}",
   Journal="J Bone Joint Surg Am",
   Year="2011",
   Volume="93",
   Number="21",
   Pages="e1291--1291",
   Month="Nov"
}



% 25281256 
@Article{pmid25281256,
   Author="Devin, C. J.  and Lee, D. S.  and Armaghani, S. J.  and Bible, J.  and Shau, D. N.  and Martin, P. R.  and Ehrenfeld, J. M. ",
   Title="{{A}pproach to {P}ain {M}anagement in {C}hronic {O}pioid {U}sers {U}ndergoing {O}rthopaedic {S}urgery}",
   Journal="J Am Acad Orthop Surg",
   Year="2014",
   Volume="22",
   Number="10",
   Pages="614--622",
   Month="Oct"
}

% 19910619 
@Article{pmid19910619,
   Author="Buvanendran, A.  and Kroin, J. S.  and Della Valle, C. J.  and Kari, M.  and Moric, M.  and Tuman, K. J. ",
   Title="{{P}erioperative oral pregabalin reduces chronic pain after total knee arthroplasty: a prospective, randomized, controlled trial}",
   Journal="Anesth. Analg.",
   Year="2010",
   Volume="110",
   Number="1",
   Pages="199--207",
   Month="Jan"
}

% 14612477 
@Article{pmid14612477,
   Author="Buvanendran, A.  and Kroin, J. S.  and Tuman, K. J.  and Lubenow, T. R.  and Elmofty, D.  and Moric, M.  and Rosenberg, A. G. ",
   Title="{{E}ffects of perioperative administration of a selective cyclooxygenase 2 inhibitor on pain management and recovery of function after knee replacement: a randomized controlled trial}",
   Journal="JAMA",
   Year="2003",
   Volume="290",
   Number="18",
   Pages="2411--2418",
   Month="Nov"
}


% 24944970 
@Article{pmid24944970,
   Author="Chang, M. J.  and Lim, H.  and Lee, N. R.  and Moon, Y. W. ",
   Title="{{D}iagnosis, causes and treatments of instability following total knee arthroplasty}",
   Journal="Knee Surg Relat Res",
   Year="2014",
   Volume="26",
   Number="2",
   Pages="61--67",
   Month="Jun"
}

% 22048730  NIH MMWR1
@Article{pmid22048730,
   Author="No authors listed",
   Title="{{V}ital signs: overdoses of prescription opioid pain relievers---{U}nited {S}tates, 1999--2008}",
   Journal="MMWR Morb. Mortal. Wkly. Rep.",
   Year="2011",
   Volume="60",
   Number="43",
   Pages="1487--1492",
   Month="Nov"
}



% 21734633 NIH2
@Article{pmid21734633,
   Author="No authors listed",
   Title="{{D}rug overdose deaths--{F}lorida, 2003-2009}",
   Journal="MMWR Morb. Mortal. Wkly. Rep.",
   Year="2011",
   Volume="60",
   Number="26",
   Pages="869--872",
   Month="Jul"
}

% 19875978 NIH3
@Article{pmid19875978,
   Author="No authors listed",
   Title="{{O}verdose deaths involving prescription opioids among {M}edicaid enrollees - {W}ashington, 2004-2007}",
   Journal="MMWR Morb. Mortal. Wkly. Rep.",
   Year="2009",
   Volume="58",
   Number="42",
   Pages="1171--1175",
   Month="Oct"
}


% vinci url
@misc{Vinci,
  title = {{VA} {IN}formatics {C}omputing {I}nfrastructure},
  howpublished = {\url{http://www.hsrd.research.va.gov/for_researchers/vinci/}},

}
% equialangesic table
@misc{equi,
	title={Equi-analgesic, Wikipedia the free encyclopedia.},
	howpublished = {\url {https://en.wikipedia.org/wiki/Equianalgesic}},
}

@Manual{r-cran,
    title = {R: A Language and Environment for Statistical Computing},
    author = {{R Core Team}},
    organization = {R Foundation for Statistical Computing},
    address = {Vienna, Austria},
    year = {2014},
    url = {http://www.R-project.org/},
  }
%python 
@misc{python,
	title={{Python Software Foundation. Python Language Reference, version 2.7. }},
	howpublished={\url{http://www.python.org}}

}

% VA Inspector General 
@misc{VAOpioids,
	title={{Healthcare Inspection-VA Patterns of Dispensing Take-Home Opioids and Monitoring Patients on Opioid Therapy}},
	howpublished={\url{http://www.va.gov/oig/pubs/VAOIG-14-00895-163.pdf"}}

}

% Wall Street Journal. 
@misc{WSJ,
	title={{Prescription for Addiction. Wall Street Journal, 5th 2012}},
	howpublished={\url{http://online.wsj.com/news/articles/SB10000872396390444223104578036933277566700}},
	note = {Accessed: 2010-09-30}
}

% Wall Street Journal. 
@misc{regex,
	title={{Regular Expressions}},
	howpublished={\url{http://en.wikipedia.org/wiki/Regular_expression}},
	note = {Accessed: 2014-11-08}
}


% Seattlle Times 
@misc{SeattleTimes,
  title = {{Methadone and the Politics of Pain}},
  howpublished = {\url{http://seattletimes.com/flatpages/specialreports/methadone/methadoneandthepoliticsofpain.html}},
  
}
%25201642
@Article{pmid25201642,
   Author="O'Connor, P. G.  and Sokol, R. J.  and D'Onofrio, G. ",
   Title="{{A}ddiction {M}edicine: {T}he {B}irth of a {N}ew {D}iscipline}",
   Journal="JAMA Intern Med",
   Year="2014",
   Volume="174",
   Number="11",
   Pages="1717--1718",
   Month="Nov"
}

%17403800
@Article{pmid17403800,
   Author="Kurtz, S.  and Ong, K.  and Lau, E.  and Mowat, F.  and Halpern, M. ",
   Title="{{P}rojections of primary and revision hip and knee arthroplasty in the {U}nited {S}tates from 2005 to 2030}",
   Journal="J Bone Joint Surg Am",
   Year="2007",
   Volume="89",
   Number="4",
   Pages="780--785",
   Month="Apr"
}

% 23414717 
@Article{endo1,
   Author="Brennan, M. J. ",
   Title="{{T}he effect of opioid therapy on endocrine function}",
   Journal="Am. J. Med.",
   Year="2013",
   Volume="126",
   Number="3 Suppl 1",
   Pages="S12--18",
   Month="Mar"
}

trying to export 1 references ...

% 17936076 
@Article{endo2,
   Author="Daniell, H. W. ",
   Title="{{O}pioid endocrinopathy in women consuming prescribed sustained-action opioids for control of nonmalignant pain}",
   Journal="J Pain",
   Year="2008",
   Volume="9",
   Number="1",
   Pages="28--36",
   Month="Jan"
}

% 22747537 
@Article{endo3,
   Author="Mattia, C.  and Di Bussolo, E.  and Coluzzi, F. ",
   Title="{{N}on-analgesic effects of opioids: the interaction of opioids with bone and joints}",
   Journal="Curr. Pharm. Des.",
   Year="2012",
   Volume="18",
   Number="37",
   Pages="6005--6009"
}

% 22786453 
@Article{OPIAD1,
   Author="Smith, H. S.  and Elliott, J. A. ",
   Title="{{O}pioid-induced androgen deficiency ({O}{P}{I}{A}{D})}",
   Journal="Pain Physician",
   Year="2012",
   Volume="15",
   Number="3 Suppl",
   Pages="S145--156",
   Month="Jul"
}

% 21561038 
@Article{OPIAD2,
   Author="Elliott, J. A.  and Horton, E.  and Fibuch, E. E. ",
   Title="{{T}he endocrine effects of long-term oral opioid therapy: a case report and review of the literature}",
   Journal="J Opioid Manag",
   Year="2011",
   Volume="7",
   Number="2",
   Pages="145--154"
}

  @Manual{cran,
    title = {R: A Language and Environment for Statistical Computing},
    author = {{R Core Team}},
    organization = {R Foundation for Statistical Computing},
    address = {Vienna, Austria},
    year = {2014},
    url = {http://www.R-project.org/},
  }
% 18836861 
@Article{immuno1,
   Author="Wang, J.  and Barke, R. A.  and Ma, J.  and Charboneau, R.  and Roy, S. ",
   Title="{{O}piate abuse, innate immunity, and bacterial infectious diseases}",
   Journal="Arch. Immunol. Ther. Exp. (Warsz.)",
   Year="2008",
   Volume="56",
   Number="5",
   Pages="299--309"
}

% 23349783 
@Article{immuno2,
   Author="Meng, J.  and Yu, H.  and Ma, J.  and Wang, J.  and Banerjee, S.  and Charboneau, R.  and Barke, R. A.  and Roy, S. ",
   Title="{{M}orphine induces bacterial translocation in mice by compromising intestinal barrier function in a {T}{L}{R}-dependent manner}",
   Journal="PLoS ONE",
   Year="2013",
   Volume="8",
   Number="1",
   Pages="e54040"
}

% 21989372 
@Article{immuno3,
   Author="Babrowski, T.  and Holbrook, C.  and Moss, J.  and Gottlieb, L.  and Valuckaite, V.  and Zaborin, A.  and Poroyko, V.  and Liu, D. C.  and Zaborina, O.  and Alverdy, J. C. ",
   Title="{{P}seudomonas aeruginosa virulence expression is directly activated by morphine and is capable of causing lethal gut-derived sepsis in mice during chronic morphine administration}",
   Journal="Ann. Surg.",
   Year="2012",
   Volume="255",
   Number="2",
   Pages="386--393",
   Month="Feb"
}

% 9207365 
@Article{immuno4,
   Author="Hilburger, M. E.  and Adler, M. W.  and Truant, A. L.  and Meissler, J. J.  and Satishchandran, V.  and Rogers, T. J.  and Eisenstein, T. K. ",
   Title="{{M}orphine induces sepsis in mice}",
   Journal="J. Infect. Dis.",
   Year="1997",
   Volume="176",
   Number="1",
   Pages="183--188",
   Month="Jul"
}
% 20837827
@Article{ED1,
   Author="Braden, J. B.  and Russo, J.  and Fan, M. Y.  and Edlund, M. J.  and Martin, B. C.  and DeVries, A.  and Sullivan, M. D. ",
   Title="{{E}mergency department visits among recipients of chronic opioid therapy}",
   Journal="Arch. Intern. Med.",
   Year="2010",
   Volume="170",
   Number="16",
   Pages="1425--1432",
   Month="Sep"
}



% 25303989
@Article{Lungs1,
   Author="Zylla, D.  and Kuskowski, M. A.  and Gupta, K.  and Gupta, P. ",
   Title="{{A}ssociation of opioid requirement and cancer pain with survival in advanced non-small cell lung cancer}",
   Journal="Br J Anaesth",
   Year="2014",
   Pages=" ",
   Month="Oct"
}

% 24104703 
@Article{prostate1,
   Author="Zylla, D.  and Gourley, B. L.  and Vang, D.  and Jackson, S.  and Boatman, S.  and Lindgren, B.  and Kuskowski, M. A.  and Le, C.  and Gupta, K.  and Gupta, P. ",
   Title="{{O}pioid requirement, opioid receptor expression, and clinical outcomes in patients with advanced prostate cancer}",
   Journal="Cancer",
   Year="2013",
   Volume="119",
   Number="23",
   Pages="4103--4110",
   Month="Dec"
}

% 24519708 
@Article{bone1,
   Author="Vasso, M.  and Beaufils, P.  and Cerciello, S.  and Schiavone Panni, A. ",
   Title="{{B}one loss following knee arthroplasty: potential treatment options}",
   Journal="Arch Orthop Trauma Surg",
   Year="2014",
   Volume="134",
   Number="4",
   Pages="543--553",
   Month="Apr"
}
% 15190551 
@Article{bone2,
   Author="Cuckler, J. M. ",
   Title="{{B}one loss in total knee arthroplasty: graft augment and options}",
   Journal="J Arthroplasty",
   Year="2004",
   Volume="19",
   Number="4 Suppl 1",
   Pages="56--58",
   Month="Jun"
}

% 21899715
@Article{VAopioid2,
   Author="Macey, T. A.  and Morasco, B. J.  and Duckart, J. P.  and Dobscha, S. K. ",
   Title="{{P}atterns and correlates of prescription opioid use in {O}{E}{F}/{O}{I}{F} veterans with chronic noncancer pain}",
   Journal="Pain Med",
   Year="2011",
   Volume="12",
   Number="10",
   Pages="1502--1509",
   Month="Oct",
  }



 % 20481178
@Article{VAopioid3,
   Author="Wu, P. C.  and Lang, C.  and Hasson, N. K.  and Linder, S. H.  and Clark, D. J. ",
   Title="{{O}pioid use in young veterans}",
   Journal="J Opioid Manag",
   Year="2010",
   Volume="6",
   Number="2",
   Pages="133--139",
   }
% 21822665 
@Article{pmid21822665,
   Author="Hofmann, S.  and Seitlinger, G.  and Djahani, O.  and Pietsch, M. ",
   Title="{{T}he painful knee after {T}{K}{A}: a diagnostic algorithm for failure analysis}",
   Journal="Knee Surg Sports Traumatol Arthrosc",
   Year="2011",
   Volume="19",
   Number="9",
   Pages="1442--1452",
   Month="Sep"
}

% 21677563 
@Article{kern1,
   Author="Haskell, S. G.  and Ning, Y.  and Krebs, E.  and Goulet, J.  and Mattocks, K.  and Kerns, R.  and Brandt, C. ",
   Title="{{P}revalence of painful musculoskeletal conditions in female and male veterans in 7 years after return from deployment in {O}peration {E}nduring {F}reedom/{O}peration {I}raqi {F}reedom}",
   Journal="Clin J Pain",
   Year="2012",
   Volume="28",
   Number="2",
   Pages="163--167",
   Month="Feb"
}

% 19818028 
@Article{kern2,
   Author="Haskell, S. G.  and Brandt, C. A.  and Krebs, E. E.  and Skanderson, M.  and Kerns, R. D.  and Goulet, J. L. ",
   Title="{{P}ain among {V}eterans of {O}perations {E}nduring {F}reedom and {I}raqi {F}reedom: do women and men differ?}",
   Journal="Pain Med",
   Year="2009",
   Volume="10",
   Number="7",
   Pages="1167--1173",
   Month="Oct"
}


% 24073088 
@Article{kern3,
   Author="Kerns, R. D.  and Philip, E. J.  and Lee, A. W.  and Rosenberger, P. H. ",
   Title="{{I}mplementation of the veterans health administration national pain management strategy}",
   Journal="Transl Behav Med",
   Year="2011",
   Volume="1",
   Number="4",
   Pages="635--643",
   Month="Dec"
}
% 24548466 
@Article{kern4,
   Author="Higgins, D. M.  and Kerns, R. D.  and Brandt, C. A.  and Haskell, S. G.  and Bathulapalli, H.  and Gilliam, W.  and Goulet, J. L. ",
   Title="{{P}ersistent pain and comorbidity among {O}peration {E}nduring {F}reedom/{O}peration {I}raqi {F}reedom/operation {N}ew {D}awn veterans}",
   Journal="Pain Med",
   Year="2014",
   Volume="15",
   Number="5",
   Pages="782--790",
   Month="May",
}
% 24977636 
@Article{rozet1,
   Author="Rozet, I.  and Nishio, I.  and Robbertze, R.  and Rotter, D.  and Chansky, H.  and Hernandez, A. V. ",
   Title="{{P}rolonged opioid use after knee arthroscopy in military veterans}",
   Journal="Anesth. Analg.",
   Year="2014",
   Volume="119",
   Number="2",
   Pages="454--459",
   Month="Aug",
}



